<record><leader>00000cas a2200000 a 4500</leader><controlfield tag="001">34467036</controlfield><controlfield tag="007">hd afu---bact</controlfield><controlfield tag="007">hd bfu---baat</controlfield><controlfield tag="008">960327d19101970nbuwn nea     0    0eng d</controlfield><datafield ind1=" " ind2=" " tag="010"><subfield code="a">sn 96080143 </subfield></datafield><datafield ind1=" " ind2=" " tag="040"><subfield code="a">NVG</subfield><subfield code="b">eng</subfield><subfield code="c">NVG</subfield><subfield code="d">OCL</subfield><subfield code="d">OCLCQ</subfield><subfield code="d">OCLCF</subfield><subfield code="d">OCLCO</subfield></datafield><datafield ind1="1" ind2=" " tag="029"><subfield code="a">AU@</subfield><subfield code="b">000025932606</subfield></datafield><datafield ind1=" " ind2=" " tag="042"><subfield code="a">msc</subfield></datafield><datafield ind1=" " ind2=" " tag="043"><subfield code="a">n-us-nb</subfield></datafield><datafield ind1="0" ind2=" " tag="130"><subfield code="a">Antelope (Kearney, Neb. : 1910)</subfield></datafield><datafield ind1="1" ind2="4" tag="245"><subfield code="a">The antelope</subfield><subfield code="h">[microform].</subfield></datafield><datafield ind1=" " ind2=" " tag="260"><subfield code="a">Kearney, Neb. :</subfield><subfield code="b">Students of the Nebraska State Teachers College,</subfield><subfield code="c">1910-1970.</subfield></datafield><datafield ind1=" " ind2=" " tag="300"><subfield code="a">61 v.</subfield></datafield><datafield ind1=" " ind2=" " tag="310"><subfield code="a">Weekly (during the school year)</subfield></datafield><datafield ind1="0" ind2=" " tag="362"><subfield code="a">Vol. 1, no. 1 (Dec. 2, 1910)-Jan. 8, 1970.</subfield></datafield><datafield ind1=" " ind2=" " tag="515"><subfield code="a">Many issues lack volume and issue designation.</subfield></datafield><datafield ind1=" " ind2=" " tag="550"><subfield code="a">Published by: Nebraska State Teachers College at Kearney, &lt;Sept. 6, 1946&gt;-May 24, 1963; Kearney State College, Sept. 13, 1963-Jan. 8, 1970.</subfield></datafield><datafield ind1=" " ind2=" " tag="533"><subfield code="a">Microfilm.</subfield><subfield code="m">1946-1970:[Gaps]</subfield><subfield code="b">Lincoln, Neb. :</subfield><subfield code="c">Nebraska State Historical Society,</subfield><subfield code="d">[1975]-1987.</subfield><subfield code="e">3 microfilm reels ; 35 mm.</subfield></datafield><datafield ind1="2" ind2="0" tag="610"><subfield code="a">Nebraska State Teachers College at Kearney</subfield><subfield code="v">Newspapers.</subfield></datafield><datafield ind1="2" ind2="0" tag="610"><subfield code="a">Nebraska State Teachers College at Kearney</subfield><subfield code="x">Students</subfield><subfield code="v">Newspapers.</subfield></datafield><datafield ind1="2" ind2="0" tag="610"><subfield code="a">Kearney State College</subfield><subfield code="v">Newspapers.</subfield></datafield><datafield ind1="2" ind2="0" tag="610"><subfield code="a">Kearney State College</subfield><subfield code="x">Students</subfield><subfield code="v">Newspapers.</subfield></datafield><datafield ind1=" " ind2="0" tag="650"><subfield code="a">Universities and colleges</subfield><subfield code="z">Nebraska</subfield><subfield code="v">Newspapers.</subfield></datafield><datafield ind1=" " ind2="7" tag="655"><subfield code="a">Newspapers.</subfield><subfield code="2">fast</subfield><subfield code="0">(OCoLC)fst01423814</subfield></datafield><datafield ind1="2" ind2="7" tag="610"><subfield code="a">Kearney State College.</subfield><subfield code="2">fast</subfield><subfield code="0">(OCoLC)fst00722305</subfield></datafield><datafield ind1="2" ind2="7" tag="610"><subfield code="a">Nebraska State Teachers College at Kearney.</subfield><subfield code="2">fast</subfield><subfield code="0">(OCoLC)fst00722302</subfield></datafield><datafield ind1=" " ind2="7" tag="650"><subfield code="a">Students.</subfield><subfield code="2">fast</subfield><subfield code="0">(OCoLC)fst01136041</subfield></datafield><datafield ind1=" " ind2="7" tag="650"><subfield code="a">Universities and colleges.</subfield><subfield code="2">fast</subfield><subfield code="0">(OCoLC)fst01161597</subfield></datafield><datafield ind1=" " ind2="7" tag="651"><subfield code="a">Nebraska.</subfield><subfield code="2">fast</subfield><subfield code="0">(OCoLC)fst01208998</subfield></datafield><datafield ind1="2" ind2=" " tag="710"><subfield code="a">Nebraska State Teachers College at Kearney.</subfield></datafield><datafield ind1="2" ind2=" " tag="710"><subfield code="a">Kearney State College.</subfield></datafield><datafield ind1=" " ind2=" " tag="752"><subfield code="a">United States</subfield><subfield code="b">Nebraska</subfield><subfield code="c">Buffalo</subfield><subfield code="d">Kearney.</subfield></datafield><datafield ind1="0" ind2="0" tag="785"><subfield code="t">Kearney State College antelope</subfield><subfield code="w">(DLC)sn 96080144</subfield></datafield></record>